@misc{django_extensions,
	month = {{01}},
	note = {{\url{https://github.com/django-extensions/django-extensions}}},
	Urldate = {{2018-01-05}},
	author = {django-extensions},
	title = {{Django Extensions Source Code}},
	year = {2018},
}

