@misc{webcs1,
	Day = {24},
	Month = {05},
	Note = {\url{https://stackoverflow.com/questions/10740293/insert-an-insertion-date-value-into-a-sql-table-automatically}},
	Urldate = {2017-07-24},
	author = {Wheat Mitch},
	title = {Insert an {``}insertion date{''} value into a SQL table automatically?},
	year = {2012},
	tags = "db_case-study"
}